% This file was created with Citavi 6.19.3.1

@misc{.1993,
 title = {VDI Richtlinie Riemengetriebe}
}


@phdthesis{.2004,
 author = {Gundlach, Carsten},
 title = {Entwicklung eines ganzheitlichen Vorgehensmodells zur problemorientierten Anwendung des statistischen Versuchsplanung},
 url = {http://d-nb.info/971843546/34},
 price = {EUR 5.00 (Download)},
 address = {Kassel},
 type = {Zugl.: Kassel, Univ., Diss, 2004}
}


@misc{.2017,
 title = {Synchronous belts: Calculation of power rating and drive centre distance}
}


@proceedings{.2019,
 year = {2019},
 title = {Proceedings of the 29th European Safety and Reliability Conference (ESREL 2019)},
 address = {Hannover}
}


@proceedings{.2019c,
 year = {2019},
 title = {2019 Annual Reliability and Maintainability Symposium (RAMS)},
 publisher = {IEEE},
 isbn = {978-1-5386-6554-1}
}


@proceedings{.2022,
 year = {2022},
 title = {Proceedings of the 16th International Probabilistic Safety Assessment and Management Conference (PSAM16)},
 address = {Honolulu, HI, USA}
}


@proceedings{.2022b,
 year = {2022},
 title = {2022 Annual Reliability and Maintainability Symposium (RAMS)},
 publisher = {IEEE},
 isbn = {978-1-6654-2432-5}
}


@proceedings{.2023,
 year = {2023},
 title = {Proceedings of the 33rd European Safety and Reliability Conference (ESREL 2023)},
 address = {Southampton, UK}
}


@proceedings{.2024,
 year = {2024},
 title = {Proceedings of the Probabilistic Safety Assessment and Management {\&} Asian Symposium on Risk Assessment and Management (PSAM17 {\&} ASRAM2024)},
 address = {Sendai, Japan}
}


@proceedings{.2024b,
 year = {2024},
 title = {2024 Annual Reliability and Maintainability Symposium (RAMS)},
 publisher = {IEEE},
 isbn = {979-8-3503-0769-6}
}


@proceedings{.2025,
 year = {2025},
 title = {2025 Annual Reliability and Maintainability Symposium (RAMS)},
 publisher = {IEEE},
 isbn = {979-8-3503-6774-4}
}


@article{Ahn.2015,
 author = {Ahn, H.},
 year = {2015},
 title = {Central Composite Design for the Experiments with Replicate Runs at Factorial and Axial Points},
 pages = {969--979},
 volume = {349},
 journal = {Industrial Engineering}
}


@book{Albers.2005,
 abstract = {1: Einf{\"u}hrung -- Technologie-und Innovationsmanagement -- Dimensionen der Innovation -- Bedeutung von Innovationen f{\"u}r die Wettbewerbsf{\"a}higkeit -- Management des Wissens als Hauptaufgabe des Technologie-und Innovationsmanagements -- 2: Strategisches Management von Innovationen -- Forschungs-und Entwicklungsstrategien -- Technologietransfer -- Technologie-Fr{\"u}haufkl{\"a}rung -- Corporate Venturing -- Management von Technologieallianzen und Kooperationen -- Strategisches Patentmanagement -- Produktimitation als Innovationsstrategie -- Globales Management von Innovation -- 3: Forschung und Entwicklung als Produktion von Innovationen -- Technologiemanagement -- Neuproduktentwicklungsmanagement -- Quellen f{\"u}r Neuproduktideen -- Kreativit{\"a}tstechniken -- Werkzeuge f{\"u}r Entwicklungsmethodiken -- IT- Unterst{\"u}tzung bei der Innovationsentwicklung -- Experimentation Strategies and Technological Change -- 4: Vermarktung von Innovationen -- Pr{\"a}ferenzforschung f{\"u}r Innovationen -- Planung der Produkteigenschaften -- Timing der Markteinf{\"u}hrung von Innovationen -- Diffusion und Adoption von Innovationen -- Prognose des Markterfolgs von Produktinnovationen -- 5: Organisation von Innovationen -- Schl{\"u}sselpersonen der Innovation -- Initiativen f{\"u}r Innovationen -- Projektmanagement -- F{\"u}hrung von Innovationsteams -- Schnittstellenmanagement im Innovationsprozess -- Inkubatoren f{\"u}r die Kommerzialisierung neuer Technologien -- 6: Finanzierung und Controlling von Innovationen -- F{\&}E Controlling -- Innovationscontrolling -- Innovationsfinanzierung und Venture Capital Markt -- 7: Trends im Technologie- und Innovationsmanagement -- Innovationsnetzwerke -- Systementwickler und Modullieferanten -- Service-Innovation -- Innovationsmanagement in der Net Economy --- E-Business -- Open Source {\&} Co.: Innovative User-Netzwerke -- Betriebswirtschaftliche Perspektiven des Ubiquitous Computing -- 8: Praxis-Beispiele -- Innovationsportfolio-Management -- Kunden als Innovationsmotor bei Henkel -- Strategisches Innovations-Management bei Siemens -- Empathic Design in der BMW Group -- Technologie-Portfoliomanagement in der Pharmaindustrie -- Intellectual Property Management in der Finanzdienstleistungsbranche -- Stichwortverzeichnis.



Die Anforderungen an das Management von Innovation haben sich in den letzten Jahren deutlich ver{\"a}ndert: Weitere Globalisierung des Wettbewerbs, Fragmentierung der M{\"a}rkte und zunehmende Individualisierung der Kundenw{\"u}nsche erfordern eine h{\"o}here Produktvielfalt und oft k{\"u}rzere Innovationszyklen. Demgegen{\"u}ber steigen Komplexit{\"a}t und Dynamik der Technologieentwicklung stark an. Renommierte Wissenschaftler aus dem internationalen Umfeld und F{\"u}hrungskr{\"a}fte aus unterschiedlichen Branchen geben in 45 Beitr{\"a}gen Antwort auf aktuelle Fragen wie: - Wie sollen neue Technologien und Innovation gef{\"u}hrt werden? - Welche Technologien soll man ausw{\"a}hlen? - Wie wird Innovation organisiert? - Wie werden Innovationsprozesse effektiv und effizient gef{\"u}hrt? - Wie soll man Innovationen vermarkten? - Welche Methoden stehen zur Verf{\"u}gung, welche haben sich bew{\"a}hrt? - Wie l{\"a}sst sich Innovation wirksam sch{\"u}tzen? Die Autoren dokumentieren auf einer breiten, interdisziplin{\"a}ren Basis den derzeitigen Erkenntnisstand aus der Sicht unterschiedlicher Wissenschaften und stellen dar{\"u}ber hinaus die zuk{\"u}nftigen Hauptentwicklungsrichtungen im Technologie- und Innovationsmanagement vor. In Unternehmensbeispielen werden aktuelle Themen aufgegriffen und deren Umsetzung in die Praxis beschrieben. Das {\textquotedbl}Handbuch Technologie- und Innovationsmanagement{\textquotedbl} richtet sich an F{\"u}hrungskr{\"a}fte, die f{\"u}r Innovationsaktivit{\"a}ten und Unternehmensentwicklung verantwortlich sind oder diese planen. Dozenten und Studierenden liefert es Anregungen f{\"u}r die eigene Arbeit.},
 author = {Albers, S{\"o}nke},
 year = {2005},
 title = {Handbuch Technologie- und Innovationsmanagement: Strategie --- Umsetzung --- Controlling},
 address = {Wiesbaden and s.l.},
 publisher = {{Gabler Verlag}},
 isbn = {978-3-322-90787-5},
 series = {SpringerLink B{\"u}cher},
 doi = {10.1007/978-3-322-90786-8}
}


@book{Antony.2010,
 author = {Antony, Jiju},
 year = {2010},
 title = {Design of experiments for engineers and scientists},
 address = {Amsterdam},
 edition = {Repr},
 publisher = {Butterworth-Heinemann},
 isbn = {9780750647090},
 doi = {10.1016/B978-0-7506-4709-0.X5000-5}
}


@article{Ardakani.2011,
 author = {Ardakani, M. K. and Das, D. and Wulf, S. S. and Robinson, T. J.},
 year = {2011},
 title = {Estimation in Second-Order Models with Errors in the Factor Levels},
 urldate = {2023-03-24},
 pages = {1573--1590},
 volume = {40},
 number = {9},
 journal = {Commun. in Statistics},
 doi = {10.1080/03610921003637421}
}


@inproceedings{Arndt.2021,
 author = {Arndt, Marco and Dazer, Martin and R{\"o}tting, Jens and Bertsche, Bernd},
 title = {Probabilistic Reliability Analysis of Screw Connections in Cast Aluminum Housings},
 pages = {2791--2798},
 publisher = {{Research Publishing Services}},
 isbn = {978-981-18-2016-8},
 editor = {Castanier, Bruno},
 booktitle = {Proceedings of the 31st European Safety and Reliability Conference (ESREL 2021)},
 year = {2021},
 address = {Chennai},
 doi = {10.3850/978-981-18-2016-8{\textunderscore }318-cd}
}


@inproceedings{Arndt.2022,
 author = {Arndt, Marco and Mell, Philipp and Dazer, Martin},
 title = {Generic effects of deviations from test design orthogonality on test power and regression modelling of Central-Composite Designs},
 volume = {PSAM 16},
 booktitle = {Proceedings of the 16th International Probabilistic Safety Assessment and Management Conference (PSAM16)},
 year = {2022},
 address = {Honolulu, HI, USA}
}


@inproceedings{Arndt.2022b,
 author = {Arndt, Marco and Dazer, Martin and Bertsche, Bernd},
 title = {Reliability-Based Decision Methodology for Stress-Strength Optimization of Machine Components},
 pages = {1--6},
 publisher = {IEEE},
 isbn = {978-1-6654-2432-5},
 booktitle = {2022 Annual Reliability and Maintainability Symposium (RAMS)},
 year = {2022},
 doi = {10.1109/RAMS51457.2022.9894019}
}


@inproceedings{Arndt.2023,
 author = {Arndt, Marco and Dazer, Martin},
 title = {Analysis of Efficiency in Response Surface Designs Considering Orthogonality Deviations and Cost Models},
 booktitle = {Proceedings of the 33rd European Safety and Reliability Conference (ESREL 2023)},
 year = {2023},
 address = {Southampton, UK}
}


@inproceedings{Arndt.2023b,
 author = {Arndt, Marco and Dazer, Ing. Martin},
 title = {Analysis of Efficiency in Response Surface Designs Considering Orthogonality Deviations and Cost Models},
 pages = {1167--1174},
 publisher = {{Research Publishing Services}},
 isbn = {978-981-18-8071-1},
 editor = {Brito, M{\'a}rio P. and Aven, Terje and Baraldi, Piero and {\v{C}}epin, Marko and Zio, Enrico},
 booktitle = {European Conference on Safety and Reliability (ESREL), 3rd September - 7th September 2023},
 year = {2023},
 address = {Singapore},
 doi = {10.3850/978-981-18-8071-1{\textunderscore }P160-cd},
 file = {Arndt, Dazer 2023 - Analysis of Efficiency in Response:Attachments/Arndt, Dazer 2023 - Analysis of Efficiency in Response.pdf:application/pdf}
}


@article{Arndt.2023c,
 abstract = {For the investigation of influence of various parameters on properties and outputs of components or systems, Design of Experiments (DOE) offers the most efficient approach to create a{\&}nbsp;comprehensive empirical insight into product performance. However, especially if product lifetime is treated as the investigation objective, the main focus of attention must be placed on the efficiency of testing---if only to comply with the principle of DOE, even before testing begins. Without actual test runs, a{\&}nbsp;pre-selection of relevant factors influencing the target quantity can be performed here and strategically adjusted in scale compared to the subsequent method. In this work, common heuristic tools and methods are analyzed and evaluated with respect to a{\&}nbsp;deliberate preselection of influencing factors versus the challenges in lifetime testing and degradation behaviors. Several factors as well as their interactions are taken into account to achieve this. For this purpose, these methods are partially extended and adapted in their focus in order to finally be made applicable in a{\&}nbsp;suitable procedure. An illustration of this is also provided in a{\&}nbsp;selected use case with limited empirical and experimental prior-knowledge, in which a{\&}nbsp;sample of relevant influences is identified through qualitative heuristic decision making with respect to parameters that influence product lifetime.},
 author = {Arndt, Marco and Dazer, Martin and Raither, Wolfram and Bertsche, Bernd},
 year = {2023},
 title = {Parameter assessment for reliability modeling of machine components using heuristic screening},
 url = {https://link.springer.com/article/10.1007/s10010-023-00711-5#citeas},
 pages = {1347--1370},
 volume = {87},
 number = {4},
 issn = {0015-7899},
 journal = {Forschung im Ingenieurwesen},
 doi = {10.1007/s10010-023-00711-5},
 file = {Arndt, Dazer et al. 2023 - Parameter assessment for reliability modeling (5):Attachments/Arndt, Dazer et al. 2023 - Parameter assessment for reliability modeling (5).pdf:application/pdf}
}


@inproceedings{Arndt.2024,
 author = {Arndt, Marco and Dazer, Martin},
 title = {Investigating Practical Orthogonality Deviations in RSM for Optimized Predictive Reliability Modeling},
 pages = {1--6},
 publisher = {IEEE},
 isbn = {979-8-3503-0769-6},
 booktitle = {2024 Annual Reliability and Maintainability Symposium (RAMS)},
 year = {2024},
 doi = {10.1109/RAMS51492.2024.10457825}
}


@article{Arndt.2024a,
 author = {Arndt, Marco and Dazer, Martin},
 year = {2024},
 title = {Characteristics of Extrapolation-Optimized Response Surface Designs for Multivariate Reliability Modelling and Lifetime Prediction},
 volume = {PSAM17 {\&} ASRAM2024},
 journal = {Proceedings of the 17th International Conference on Probabilistic Safety Assessment and Management {\&} Asian Symposium on Risk Assessment and Management}
}


@inproceedings{Arndt.2024b,
 author = {Arndt, Marco and Dazer, Martin},
 title = {Investigating Practical Orthogonality Deviations in RSM for Improved Predictive Reliability Modeling},
 volume = {RAMS 2024},
 publisher = {IEEE},
 isbn = {979-8-3503-0769-6},
 booktitle = {2024 Annual Reliability and Maintainability Symposium (RAMS)},
 year = {2024}
}


@inproceedings{Arndt.2025b,
 author = {Arndt, Marco and Rittmaier, Erich and Dazer, Martin},
 title = {Assessing the Extrapolation Variance of Non-Orthogonal Response Surface Designs},
 pages = {1--6},
 publisher = {IEEE},
 isbn = {979-8-3503-6774-4},
 booktitle = {2025 Annual Reliability and Maintainability Symposium (RAMS)},
 year = {2025},
 doi = {10.1109/RAMS48127.2025.10935022}
}


@book{Atkinson.2007,
 author = {Atkinson, A. C. and Donev, Alexander N. and Tobias, R. D.},
 year = {2007},
 title = {Optimum Experimental Designs, with SAS},
 address = {New York},
 edition = {1st},
 publisher = {{Oxford University Press Inc}},
 isbn = {9780199296590}
}


@book{Bertsche.2008b,
 author = {Bertsche, Bernd},
 year = {2008},
 title = {Reliability in automotive and mechanical engineering: Determination of component and system reliability},
 price = {Gb. : EUR 96.25 (freier Pr.)},
 address = {Berlin and Heidelberg},
 publisher = {Springer},
 isbn = {978-3-540-33969-4},
 doi = {10.1007/978-3-540-34282-3}
}


@book{Bertsche.2022,
 author = {Bertsche, Bernd and Dazer, Martin},
 year = {2022},
 title = {Zuverl{\"a}ssigkeit im Fahrzeug- und Maschinenbau: Ermittlung von Bauteil- und System-Zuverl{\"a}ssigkeiten},
 url = {http://www.springer.com/},
 price = {(Festeinband : circa EUR 37.99 (DE), circa EUR 39.06 (AT), circa CHF 42.00 (freier Preis), circa EUR 35.51)},
 address = {Berlin and Heidelberg},
 edition = {4. Auflage},
 publisher = {{Springer Vieweg}},
 isbn = {978-3-662-65023-3},
 series = {Lehrbuch},
 institution = {{Springer-Verlag GmbH}}
}


@book{Birolini.2017,
 author = {Birolini, Alessandro},
 year = {2017},
 title = {Reliability Engineering},
 address = {Berlin, Heidelberg},
 publisher = {{Springer Berlin Heidelberg}},
 isbn = {978-3-662-54208-8},
 doi = {10.1007/978-3-662-54209-5}
}


@article{Box.1957,
 author = {Box, G. E. P. and Hunter, J. S.},
 year = {1957},
 title = {Multi-Factor Experimental Designs for Exploring Response Surfaces},
 pages = {195--241},
 volume = {28},
 number = {1},
 journal = {The Annals of Mathematical Statistics}
}


@article{Box.1960,
 author = {Box, G. E. P. and Behnken, D. W.},
 year = {1960},
 title = {Some New Three Level Designs for the Study of Quantitative Variables},
 pages = {455--475},
 volume = {2},
 issn = {0040-1706},
 journal = {Technometrics}
}


@book{Box.2007,
 author = {Box, George E. P. and Draper, Norman Richard},
 year = {2007},
 title = {Response surfaces, mixtures, and ridge analyses},
 url = {http://www.loc.gov/catdir/enhancements/fy0826/2006043975-b.html},
 address = {Hoboken, New Jersey},
 edition = {2. ed.},
 publisher = {Wiley},
 isbn = {9780470053577},
 series = {Wiley series in probability and statistics}
}


@book{Breiing.1997,
 author = {Breiing, Alois and Knosala, Ryszard},
 year = {1997},
 title = {Bewerten technischer Systeme: Theoretische und methodische Grundlagen bewertungstechnischer Entscheidungshilfen},
 price = {(Gb.) : DM 98.00},
 address = {Berlin and Heidelberg},
 publisher = {Springer},
 isbn = {978-3-642-63908-1},
 doi = {10.1007/978-3-642-59229-4}
}


@proceedings{Brito.2023,
 year = {2023},
 title = {European Conference on Safety and Reliability (ESREL), 3rd September - 7th September 2023: The topic of ESREL 2023 is ``The Future of Safety in a Reconnected World''.;We are delighted to announce ESREL2023, the 33rd European Safety and Reliability Conference. The conference will be held at the University of Southampton, United Kingdom, on 3 -7 September 2023},
 address = {Singapore},
 publisher = {{Research Publishing Services}},
 isbn = {978-981-18-8071-1},
 editor = {Brito, M{\'a}rio P. and Aven, Terje and Baraldi, Piero and {\v{C}}epin, Marko and Zio, Enrico},
 institution = {{European Safety and Reliability Association}},
 doi = {10.3850/978-981-18-8071-1-4procd}
}


@book{Bruckner.2019,
 author = {Br{\"u}ckner, Claudia},
 year = {2019},
 title = {Qualit{\"a}tsmanagement: Das Praxishandbuch f{\"u}r die Automobilindustrie},
 price = {circa EUR 199.00 (DE), circa EUR 204.60 (AT)},
 address = {M{\"u}nchen},
 edition = {2., vollst{\"a}ndig {\"u}berarbeitete und erweiterte Auflage},
 publisher = {Hanser},
 isbn = {978-3-446-45575-7},
 doi = {10.3139/9783446459724}
}


@book{Buzan.2010,
 author = {Buzan, Tony and Buzan, Barry},
 year = {2010},
 title = {The mind map book: Unlock your creativity, boost your memory, change your life},
 url = {https://permalink.obvsg.at/AC11808619},
 price = {(pbk.) {\pounds}14.99},
 address = {Harlow u.a.},
 edition = {1. publ},
 publisher = {{Pearson, BBC Active}},
 isbn = {9781406647167}
}


@book{Carrol.2006,
 author = {Carrol, R. J. and Ruppert, D. and Stefanski, L. A. and Crainiceanu, C. M.},
 year = {2006},
 title = {Measurement Error in Nonlinear Models: A Modern Perspective},
 edition = {2nd},
 publisher = {{Chapman {\&} Hall/CRC}},
 isbn = {9780429139635}
}


@proceedings{Castanier.2021,
 year = {2021},
 title = {Proceedings of the 31st European Safety and Reliability Conference (ESREL 2021): 19-23 September 2021, Angers, France},
 address = {Chennai},
 publisher = {{Research Publishing Services}},
 isbn = {978-981-18-2016-8},
 editor = {Castanier, Bruno},
 institution = {{Universit{\'e} d'Angers} and {European Safety and Reliability Association}},
 doi = {10.3850/978-981-18-2016-8{\textunderscore }0000-h}
}


@article{Coleman.1993,
 author = {Coleman, David E. and Montgomery, Douglas C.},
 year = {1993},
 title = {A Systematic Approach to Planning for a Designed Industrial Experiment},
 pages = {1},
 volume = {35},
 number = {1},
 issn = {0040-1706},
 journal = {Technometrics},
 doi = {10.2307/1269280}
}


@book{Colsman.2013,
 abstract = {Qualit{\"a}tstechniken unterst{\"u}tzen die systematische Probleml{\"o}sung und gestalten die Abl{\"a}ufe effizienter. Dieses Buch zeigt alle Qualit{\"a}tstechniken im {\"U}berblick. Es hilft, Qualit{\"a}tstechniken neu zu erlernen oder vorhandenes Wissen aufzufrischen und gibt konkrete Umsetzungstipps. Dieses Buch ist branchenunabh{\"a}ngig und gleicherma{\ss}en geeignet f{\"u}r die Arbeit allein wie im Team. Highlights - Alle Qualit{\"a}tstechniken im {\"U}berblick - Kompakt, fundiert und leicht verst{\"a}ndlich - Viele Beispiele und konkrete Tipps},
 author = {Colsman, Hubertus},
 year = {2013},
 title = {Qualit{\"a}tstechniken: Werkzeuge zur Probleml{\"o}sung und st{\"a}ndigen Verbesserung},
 url = {http://www.hanser-elibrary.com/doi/book/10.3139/9783446437425},
 address = {M{\"u}nchen},
 edition = {5. Auflage},
 publisher = {{Hanser Verlag}},
 isbn = {9783446437425},
 series = {Pocket Power},
 doi = {10.3139/9783446437425}
}


@misc{dat.2025,
 year = {Februar 2025},
 title = {DAT Report 2025: Kurzbericht},
 url = {https://www.dat.de/fileadmin/protected/DAT_Report/2025/DAT-Report-2025-Kurzbericht.pdf},
 address = {Ostfildern, Deutschland},
 urldate = {13.06.2025}
}


@inproceedings{Dazer.2016,
 author = {Dazer, Martin and Stohrer, Matthias and Kemmler, Stefan and Bertsche, Bernd},
 title = {Planning of reliability life tests within the accuracy, time and cost triangle},
 pages = {1--9},
 publisher = {IEEE},
 isbn = {978-1-5090-1880-2},
 booktitle = {2016 IEEE Accelerated Stress Testing {\&} Reliability Conference (ASTR)},
 year = {2016},
 address = {Piscataway, NJ},
 doi = {10.1109/ASTR.2016.7762270}
}


@inproceedings{Dazer.2022,
 author = {Dazer, Martin and Grundler, Alexander and Benz, Achim and Arndt, Marco and Mell, Philipp},
 title = {Pitfalls of Zero Failure Testing for Reliability Demonstration},
 pages = {1639--1646},
 publisher = {{Research Publishing  Singapore}},
 isbn = {978-981-18-5183-4},
 editor = {Leva, Maria Chiara and Podofillini, Luca and Patelli, Edoardo and Wilson, Simon},
 booktitle = {Proceedings of the 32st European Safety and Reliability Conference (ESREL 2021)},
 year = {2022},
 address = {Chennai},
 doi = {10.3850/978-981-18-5183-4{\textunderscore }R28-06-054-cd}
}


@article{Donev.2004,
 author = {Donev, Alexander N.},
 year = {2004},
 title = {Design of experiments in the presence of errors in factor levels},
 pages = {569--585},
 volume = {126},
 number = {2},
 journal = {Statistical Planning and Inference}
}


@book{Eppinger.2012,
 abstract = {An introduction to a powerful and flexible network modeling tool for developing and understanding complex systems, with many examples from a range of industries.},
 author = {Eppinger, Steven D.},
 year = {2012},
 title = {Design structure matrix methods and applications},
 url = {https://ieeexplore.ieee.org/book/6267543},
 address = {Cambridge, Mass.},
 publisher = {{MIT Press}},
 isbn = {9780262301428},
 series = {Engineering systems},
 doi = {10.7551/mitpress/8896.001.0001?locatt=mode:legacy}
}


@article{Escobar.1995,
 author = {Escobar, L. A. and Meeker, W. Q.},
 year = {1995},
 title = {Planning Accelerated Life Tests with Two or More Experimental Factors},
 pages = {411--427},
 volume = {37},
 number = {4},
 issn = {0040-1706},
 journal = {Technometrics}
}


@book{Fisher.1935,
 author = {Fisher, R. A.},
 year = {1935},
 title = {The Design of Experiments},
 address = {Edinburgh},
 publisher = {{Oliver {\&} Boyd}}
}


@article{G.E.P.Box.1951,
 author = {Box, G. E. P. and Wilson, K. B.},
 year = {1951},
 title = {On the Experimental Attainment of Optimum Conditions},
 url = {http://www.jstor.org/stable/2983966},
 urldate = {2023-03-23},
 pages = {1--45},
 volume = {13},
 number = {1},
 issn = {00359246},
 journal = {Journal of the Royal Statistical Society. Series B (Methodological)}
}


@article{G.E.P.Box.1963,
 author = {Box, G. E. P.},
 year = {1963},
 title = {The Effects of Errors in the Factor Levels and Experimental Design},
 url = {http://www.jstor.org/stable/1266066},
 urldate = {2023-03-23},
 pages = {247--262},
 volume = {5},
 number = {2},
 issn = {0040-1706},
 journal = {Technometrics}
}


@book{Gharajedaghi.2011,
 abstract = {Systems Thinking, Third Edition combines systems theory and interactive design to provide an operational methodology for defining problems and designing solutions in an environment increasingly characterized by chaos and complexity. This new edition has been updated to include all new chapters on self-organizing systems as well as holistic, operational, and design thinking. The book covers recent crises in financial systems and job markets, the housing bubble, and environment, assessing their impact on systems thinking. A companion website is available at interactdesign.com. This volume is ideal for senior executives as well as for chief information/operating officers and other executives charged with systems management and process improvement. It may also be a helpful resource for IT/MBA students and academics. Four NEW chapters on self-organizing systems, holistic thinking, operational thinking, and design thinking Covers the recent crises in financial systems and job markets globally, the housing bubble, and the environment, assessing their impact on systems thinking Companion website to accompany the book is available at interactdesign.com},
 author = {Gharajedaghi, Jamshid},
 year = {2011},
 title = {Systems thinking: Managing chaos and complexity : a platform for designing business architecture},
 address = {Burlington, MA},
 edition = {3rd ed.},
 publisher = {{Morgan Kaufmann/Elsevier}},
 isbn = {9780123859150},
 doi = {10.1016/C2010-0-66301-2}
}


@article{GiovannittiJensen.1989,
 author = {Giovannitti-Jensen, A. and Myers, Raymond H.},
 year = {1989},
 title = {Graphical Assessment of the Prediction Capability of Response Surface Designs},
 pages = {159--171},
 volume = {31},
 number = {2},
 issn = {0040-1706},
 journal = {Technometrics}
}


@book{Goos.2011,
 author = {Goos, Peter and Jones, Bradley A.},
 year = {2011},
 title = {Optimal Design of Experiments: A Case Study Approach},
 address = {Hoboken, NJ},
 edition = {1st},
 publisher = {{John Wiley {\&} Sons, Inc}},
 isbn = {9780470744611}
}


@book{Hinkelmann.2012,
 author = {Hinkelmann, K.},
 year = {2012},
 title = {Design and Analysis of Experiments - Volume 3: Special Designs and Applications},
 edition = {1st},
 publisher = {{John Wiley {\&} Sons, Inc}},
 isbn = {978-0470-53068-9}
}


@article{Hirtz.2002,
 author = {Hirtz, Julie and Stone, Robert B. and McAdams, Daniel A. and Szykman, Simon and Wood, Kristin L.},
 year = {2002},
 title = {A functional basis for engineering design: Reconciling and evolving previous efforts},
 pages = {65--82},
 volume = {13},
 number = {2},
 issn = {0934-9839},
 journal = {Research in Engineering Design},
 doi = {10.1007/s00163-001-0008-3}
}


@proceedings{InstituteofElectricalandElectronicsEngineers.2016,
 year = {2016},
 title = {2016 IEEE Accelerated Stress Testing {\&} Reliability Conference (ASTR): 28-30 Sept. 2016},
 address = {Piscataway, NJ},
 publisher = {IEEE},
 isbn = {978-1-5090-1880-2},
 institution = {{Institute of Electrical and Electronics Engineers}}
}


@article{Johnson.2011,
 author = {Johnson, Rachel T. and Montgomery, Douglas C. and Jones, Bradley A.},
 year = {2011},
 title = {An Expository Paper on Optimal Design},
 urldate = {2023-03-24},
 pages = {287--301},
 volume = {23},
 number = {3},
 issn = {0898-2112},
 journal = {Quality Engineering},
 doi = {10.1080/08982112.2011.576203}
}


@article{Jones.2012,
 author = {Jones, Bradley A. and Goos, Peter},
 year = {2012},
 title = {I-Optimal Versus D-Optimal Split-Plot Response Surface Designs},
 pages = {85--101},
 volume = {44},
 number = {2},
 issn = {0022-4065},
 journal = {Journal of Quality Technology}
}


@article{Jones.2021,
 author = {Jones, Bradley A. and Allen-Moyer, K. and Goos, Peter},
 year = {2021},
 title = {A-optimal versus D-optimal design of screening experiments},
 pages = {411--427},
 volume = {53},
 number = {4},
 issn = {0022-4065},
 journal = {Journal of Quality Technology}
}


@book{Khuri.2006,
 author = {Khuri, Andr{\'e}},
 year = {2006},
 title = {Response Surface Methodology and Related Topics},
 edition = {1st},
 publisher = {{World Scientific Publishing Co Pte Ltd}},
 isbn = {9789812564580}
}


@book{Klein.2011,
 abstract = {Mit Design of Experiments wird ein sehr wirksames Instrument zur Verk{\"u}rzung von Innovationszeiten und Steigerung von Qualit{\"a}ten angewandt. Dieses Lehrbuch f{\"u}hrt in den theoretischen Hintergrund der Methode ausf{\"u}hrlich ein und vertieft das Verst{\"a}ndnis anhand einer Vielzahl von Beispielen und Fallstudien. Durch {\"U}bungsaufgaben k{\"o}nnen die vorgestellten L{\"o}sungsans{\"a}tze praktisch nachvollzogen und der Umgang mit den Methoden trainiert werden},
 author = {Klein, Bernd},
 year = {2011},
 title = {Versuchsplanung - DoE: Einf{\"u}hrung in die Taguchi/Shainin-Methodik},
 address = {M{\"u}nchen},
 edition = {3rd ed.},
 publisher = {{De Gruyter}},
 isbn = {978-3-486-71136-3},
 doi = {10.1524/9783486711363}
}


@book{Kleppmann.2016,
 abstract = {Jede Neu- oder Weiterentwicklung von Produkten und Fertigungsprozessen durchl{\"a}uft eine Vielzahl von Versuchen. Aber Versuche kosten Zeit und Geld, und manche Ergebnisse sind nicht reproduzierbar. Versuchsplanung (auch DOE = Design of Experiments genannt) hilft dabei, mit m{\"o}glichst geringem Aufwand reproduzierbare Ergebnisse zu erhalten. Dieses Buch zeigt Praktikern in Entwicklung, Konstruktion und Fertigung, sowie Studenten, wie mit Versuchsplanung Produkte und Prozesse optimiert werden k{\"o}nnen. Versuchsplanung ist ein wesentlicher Bestandteil der Six-Sigma-Strategie. Anhand von vielen Beispielen wird beschrieben, wie man 'durch systematische Beobachtung Informationen sammeln, 'durch einfache Versuche einfache Probleme l{\"o}sen, 'mit wenigen Einzelversuchen die Bedeutung vieler Faktoren gleichzeitig beurteilen und so die wichtigen von den unwichtigen trennen, 'robuste Produkte und Prozesse entwickeln,  'die Abh{\"a}ngigkeit mehrerer Zielgr{\"o}{\ss}en von mehreren Faktoren gleichzeitig erfassen und ein gemeinsames Optimum suchen, und 'schrittweise Fertigungsprozesse und Produkte verbessern kann. Ziel des Buches ist, einen anwendungsorientierten {\"U}berblick zu geben. Es verbindet die Methoden der klassischen Statistischen Versuchsplanung mit Ideen von D. Shainin, G. Taguchi und vielen anderen zu einer neuen Kombination. So k{\"o}nnen die Vorteile aller Methoden genutzt werden.  Visualisierungen in JavaTM bzw. JavaScript erlauben es, statistische Grundlagen spielerisch zu erleben und besser zu verstehen. In der 9. Auflage wurden die Versuchspl{\"a}ne und Optimierungsans{\"a}tze erweitert, andere Kapitel wurden aktualisiert. F{\"u}r die beiliegende DVD haben zahlreiche Hersteller die aktuellsten Demos ihrer Versuchsplanungs- bzw. Statistiksoftware zur Verf{\"u}gung gestellt. Mit den Beispieldaten auf der DVD kann der Anwender die Programme anhand bekannter Beispiele selbst testen und das f{\"u}r seine Bed{\"u}rfnisse am besten geeignete ausw{\"a}hlen.  Prof. Dr. Wilhelm Kleppmann war von 1986 bis 1991 Betreuer von Versuchsplanungsprojekten bei Siemens. Seither lehrt er an der Hochschule Aalen in den Studieng{\"a}ngen Elektronik, Informatik, Maschinenbau/Fertigungstechnik und Kunststofftechnik. F{\"u}r Firmen und f{\"u}r die DGQ (Deutsche Gesellschaft f{\"u}r Qualit{\"a}t e.V.) f{\"u}hrt er Lehrg{\"a}nge und Pilotprojekte zur Versuchsplanung durch.  Prof. Dr. Wilhelm Kleppmann, Hochschule Aalen, Beethovenstrasse 1, 73430 Aalen email: wilhelm.kleppmannhtw-aalen.de Internet: http://www.elektronik.htw-aalen.de/kleppmann/},
 author = {Kleppmann, Wilhelm},
 year = {2016},
 title = {Versuchsplanung: Produkte und Prozesse optimieren},
 address = {M{\"u}nchen},
 edition = {9., {\"u}berarbeitete Auflage},
 publisher = {Hanser},
 isbn = {978-3-446-44716-5},
 series = {Hanser eLibrary},
 doi = {10.3139/9783446447172?locatt=mode:legacy}
}


@book{Krallmann.2013,
 author = {Krallmann, Hermann and Bobrik, Annette and Levina, Olga},
 year = {2013},
 title = {Systemanalyse im Unternehmen: Prozessorientierte Methoden der Wirtschaftsinformatik},
 price = {Pb. : EUR 49.80 (DE)},
 address = {M{\"u}nchen},
 edition = {6., {\"u}berarb. und erw. Aufl.},
 publisher = {Oldenbourg-Verl.},
 isbn = {978-3-486-72982-5},
 doi = {10.1524/9783486729825}
}


@incollection{Kremer.2018,
 author = {Kremer, Alexander and Bertsche, Bernd},
 title = {Methodik zur Prognose der Lebensdauer von Zahnriemengetrieben}
}


@inproceedings{Kremer.2019,
 author = {Kremer, Alexander and Bertsche, Bernd},
 title = {A New Approach for Parametrizing Multidimensional Lifetime Models},
 booktitle = {Proceedings of the 29th European Safety and Reliability Conference (ESREL 2019)},
 year = {2019},
 address = {Hannover}
}


@inproceedings{Kremer.2019c,
 author = {Kremer, Alexander and Bertsche, Bernd},
 title = {A Methodology for Consideration of Uncertainty in Lifetime Design of Experiments},
 pages = {1--6},
 publisher = {IEEE},
 isbn = {978-1-5386-6554-1},
 booktitle = {2019 Annual Reliability and Maintainability Symposium (RAMS)},
 year = {2019},
 doi = {10.1109/RAMS.2019.8768906}
}


@phdthesis{Kremer.2021,
 abstract = {Die Erfahrung zeigt, dass sich sowohl die meisten historischen Unf{\"a}lle und oft damit verbundenen R{\"u}ckrufaktionen auf einen suboptimalen Zuverl{\"a}ssigkeits- und Erprobungsprozess zur{\"u}ckf{\"u}hren lassen. Und auch wenn durch den zunehmenden Wettbewerbsdruck die Unternehmen gezwungen sind schonend mit den Ressourcen umzugehen, kann keine Berechnung oder gar Simulation die Erprobung komplett ersetzen. Die Zuverl{\"a}ssigkeit z{\"a}hlt mittlerweile zu einem wichtigen Schl{\"u}sselfaktor in einem Qualit{\"a}tsprozess und erfreut sich zudem einer stetig wachsenden Beliebtheit. Immer mehr K{\"a}ufer von Neu- und Gebrauchtwagen sehen die Zuverl{\"a}ssigkeit als das wichtigste Kaufkriterium an. Auf der anderen Seite wird vermehrt der Nachweis der Systemzuverl{\"a}ssigkeit von Anlagen und Anlagenkomponenten verlangt. In der Regel beruht jeder Zuverl{\"a}ssigkeitsnachweis auf einem geeigneten Lebensdauermodell, das den Zusammenhang zwischen der Lebensdauer und der Belastung charakterisiert. Die existierenden Lebensdauermodelle sind jedoch oft auf bestimmte Anwendungen limitiert und daher auch nicht allgemeing{\"u}ltig. Viele von diesen Ans{\"a}tzen k{\"o}nnen oft mechanische und thermische Belastungen abbilden. Allerdings besteht oft keine M{\"o}glichkeit geometrische Designparameter oder Fertigungsparameter zu ber{\"u}cksichtigen. Was jedoch viel wichtiger ist: G{\"a}ngige Modellierungsans{\"a}tze bilden keine Wechselwirkungen zwischen den einzelnen Belastungsfaktoren ab. Die einzige M{\"o}glichkeit dieses Problem zu l{\"o}sen ist der Weg {\"u}ber Experimente. Die statistische Versuchsplanung (DoE) stellt ein geeignetes Rahmenwerk an statistischen Werkzeugen zur Verf{\"u}gung, um auf Grundlage effizienten Experimenten ein empirisches Modell zu entwickeln. Das Problem besteht allerdings darin, dass DoE normalverteilte Residuen voraussetzt. Im Falle von Lebensdauertests ist die Zielgr{\"o}{\ss}e in der Regel weibullverteilt und folgt keiner Normalverteilung mehr. In diesem Urspr{\"u}nglichen Zustand ist keine sinnvolle Lebensdauermodellierung m{\"o}glich. Die fehlende Kenntnis eines Lebensdauermodells erschwert aber s{\"a}mtliche Aussagen bez{\"u}glich der Lebensdauer von technischen Systemen. Das wiederum f{\"u}hrt dazu, dass keine vern{\"u}nftige Zuverl{\"a}ssigkeitsanforderungen definiert werden kann. Folglich bleibt ein Zuverl{\"a}ssigkeitsnachweis aus. Um diesen Anspr{\"u}chen gerecht zu werden, wird im Rahmen dieser Arbeit eine M{\"o}glichkeit vorgestellt anwendungsspezifische Lebensdauermodelle zu entwickeln. Dieser Ansatz greift den klassischen DoE-Gedanken auf und entwickelt diesen zu Lebensdauer-DoE (L-DoE) weiter. Nach der kritischen Auseinandersetzung mit den Ans{\"a}tzen zur Entwicklung von Lebensdauermodellen nach dem Stand der Technik werden Schwachstellen aufgedeckt und Optimierungspotenziale aufgezeigt. Um anwendungspezifische Ausfallprognosen unter realen Feldbedinungen zu erm{\"o}glichen, wird eine Methodik entwickelt, die den neuen L-DoE-Ansatz als wichtiges Kernelement beinhaltet. Neben der Systemanalyse und der Vorselektion relevanter Belastungsfaktoren, hat die neue Methodik die Entwicklung eines L-DoE-Modells im Versuch und die Integration von Felddaten zum Inhalt. Zur Entwicklung eines L-DoE-Modells stehen dabei vier unterschiedliche Ans{\"a}tze zur Verf{\"u}gung: der Box-Cox-Ansatz, Generalized-Logarithmic-Linear-Ansatz, Proportional-Hazard-Ansatz nund der Lifetime-Regression-Ansatz zur Verf{\"u}gung. Eine Analyse dieser Ans{\"a}tze zeigt, dass der Box-Cox-Ansatz sehr ungenaue Ausfallprognosen liefern kann. Dies l{\"a}sst sich auf die Verwischung der Effekt infolge der Transformation der Daten zur{\"u}ckf{\"u}hren. Da Lebensdauerprognosen stark von den gesch{\"a}tzten Modellparametern abh{\"a}ngt, ist das Verfahren zur Parametersch{\"a}tzung sehr entscheidend. In der Zuverl{\"a}ssigkeitstechnik hat sich dabei der Maximum-Likelihood-Estimation-Ansatz durchgesetzt, bei dem die unbekannten Modellparameter durch die Maximierung der Likelihoodfunktion bestimmt werden. G{\"a}ngige MLE-Verfahren, wie beispielsweise Newton-Raphson, sind auf die Kenntnis von Startwerten angewiesen. Das erweist sich in der Praxis vor allem bei multidimensionalen Modellen als sehr schwierig. Zur L{\"o}sung dieses Problems werden vier Ans{\"a}tze entwickelt und am Beispiel von zwei unterschiedlich komplexen Lebensdauermodellen untersucht. Die Pattern-Search-Ansatz, Latin-Hypercube-Steepest-Ascent-Ansatz und Latin-Hypercube-Pattern-Search-Ansatz zeigen dabei die besten Ergebnisse. Allgemein l{\"a}sst sich aber sagen, dass es stark vom Lebensdauermodell abh{\"a}ngt welches Verfahren zur Parametersch{\"a}tzung eingesetzt werden soll. Damit bereits vor der eigentlichen Versuchsplanung der Versuchsaufwand abgesch{\"a}tzt werden kann, wird eine auf der Monte-Carlo-Simulation basierende Methodik zur Trennsch{\"a}rfeanalyse entwickelt und anhand einer Simulationsstudie demonstriert. Erste Ergebnisse zeigen, dass die Trennsch{\"a}rfe erwartungsgem{\"a}{\ss} mit zunehmendem Stichprobenumfang zunimmt. Au{\ss}erdem ist bei dem in der Praxis am h{\"a}ufigsten auftretende Fall, dass die Stichprobengr{\"o}{\ss}e aus drei Pr{\"u}flingen besteht hohe Aufmerksamkeit geboten. Dies kann unter Umst{\"a}nden dazu f{\"u}hren, dass wahre Effekte erkannt werden obwohl in Wirklichkeit die Ergebnisse auf den Zufall zur{\"u}ckzuf{\"u}hren sind. Gerade bei stark {\"u}berdimensionierten Produkten muss mit langen Laufzeiten gerechnet werden, um erste Ausf{\"a}lle im Feld zu erhalten. Aus diesem Grund liegen oft keinerlei Felddaten vor, mit denen ein Lebensdauermodell unter Feldbedingungen mit der L-DoE-Methodik entwickelt werden kann. Die einzige M{\"o}glichkeit sind ineffiziente Lebensdauertests unter realen Feldbedingungen. Alternative M{\"o}glichkeiten Vorwissen bei der Modellierung zu ber{\"u}cksichtigen sind derzeit nicht zuverl{\"a}ssig genug. Dar{\"u}ber hinaus steht gerade bei Neuentwicklungen oft kein Vorwissen zur Verf{\"u}gung. Gel{\"o}st wird das Problem dadurch, dass ein neuer Ansatz zur Extrapolation auf das Feldniveau entwickelt wird. Der Kerngedanke beruht darin die mit L-DoE entwickelten Lebensdauermodelle mit den physikalisch basierten Modellen, wie beispielsweise dem Arrhenius-Modell zu verkn{\"u}pfen. Dadurch werden allgemeing{\"u}ltige Zusammenh{\"a}nge zwischen der Lebensdauer und Belastung angenommen, die Extrapolationen zulassen. Um die Anwendbarkeit zu erleichtern, wird die L-DoE-Methodik softwaretechnisch in MATLAB umgesetzt. Die {\"U}bertragung der Stichprobenergebnisse auf die Grundgesamtheit erfolgt mit Hilfe von Vertrauensintervallen. Dazu wird im Rahmen der Arbeit eine Methodik vorgestellt, um die entwickelten L-DoE-Modelle in die Berechnung und Simulation von Vertrauensintervallen zu integrieren. Dazu werden die Fisher-Vertrauensintervall, Pseudo-Vertrauensintervall, Nicht-Parametrische-Booststrap-Perzentil-Vertrauensintervall und Monte-Carlo-Vertrauensintervall entwickelt. Im Anschluss werden die entwickelten Ans{\"a}tze einer Simulationsstudie unterzogen. Hierbei zeigen alle Ans{\"a}tze unterschiedlich gro{\ss}e Vertrauensintervalle. Im letzten Teil dieser Arbeit wird die neue Methodik um den L-DoE-Ansatz auf ein exemplarisches Zahnriemengetriebe angewandt und ein Lebensdauermodell entwickelt.},
 author = {Kremer, Alexander},
 year = {2021},
 title = {Statistische Versuchsplanung in der Lebensdauererprobung mit Vertrauensintervallen},
 doi = {10.18419/OPUS-11728}
}


@proceedings{Leva.2022,
 year = {2022},
 title = {Proceedings of the 32st European Safety and Reliability Conference (ESREL 2021): Will be held in Dublin, Ireland from 28th August - 1st September 2022},
 address = {Chennai},
 publisher = {{Research Publishing  Singapore}},
 isbn = {978-981-18-5183-4},
 editor = {Leva, Maria Chiara and Podofillini, Luca and Patelli, Edoardo and Wilson, Simon},
 institution = {{European Safety and Reliability Association}},
 doi = {10.3850/9789811851834procd}
}


@book{Lindemann.2008,
 author = {Lindemann, Udo and Maurer, Maik and Braun, Thomas},
 year = {2008},
 title = {Structural Complexity Management: An Approach for the Field of Product Design},
 address = {Berlin, Heidelberg},
 publisher = {{Springer Berlin Heidelberg}},
 isbn = {978-3-540-87888-9},
 doi = {10.1007/978-3-540-87889-6}
}


@book{Mayers.1997,
 author = {Mayers, Bernhard},
 year = {1997},
 title = {Proze{\ss}- und Produktoptimierung mit Hilfe der statistischen Versuchsmethodik: Zugl.: Aachen, Techn. Hochsch., Diss., 1997},
 price = {89.00 (kart.)},
 address = {Aachen},
 edition = {Als Ms. gedr},
 volume = {97,9},
 publisher = {Shaker},
 isbn = {3826524977},
 series = {Berichte aus der Produktionstechnik}
}


@book{Meeker.2022,
 abstract = {{\textquotedbl}This book improves Meeker and Escobar (1998, Wiley) not only in terms of organization and presentation, but also in extensions and modifications to the technical material. It presents state-of-the-art, computer-based statistical methods for reliability data analysis and for test planning of industrial products. It also improves long time established techniques as it demonstrates how to apply the new graphical, numerical, or simulation-based methods to a broad range of models encountered in reliability data analysis. Bayesian methods in solving practical problems (e.g. models involving random effects or censoring that arises in reliability studies) are now incorporated where appropriate; the computations are done with WinBUGS. Ample exercises that extend and strengthen the concepts in the book are included. The criterion for integrating material in the book is that the authors have in-hand or have seen real applications for the methodology. The book is specifically geared for a one-semester course on the topic in either a statistics or engineering department at either the upper-undergraduate or beginning graduate levels. R functions and subroutines, along with an extensive list of data sets, are included on a massive web site that is meticulously maintained by the authors{\textquotedbl}--},
 author = {Meeker, William Q. and Escobar, Luis A. and Pascual, Francis G.},
 year = {2022},
 title = {Statistical methods for reliability data},
 price = {Festeinband : EUR 119.80 (DE)},
 address = {Hoboken, NJ},
 edition = {Second edition},
 publisher = {Wiley},
 isbn = {978-1-118-11545-9},
 series = {Wiley series in probability and statistics}
}


@article{Mell.2022,
 author = {Mell, Philipp and Arndt, Marco and Dazer, Martin},
 year = {2022},
 title = {Non-orthogonality in test design: practical relevance of the theoretical concept in terms of regression quality and test plan efficiency},
 volume = {PSAM 16},
 journal = {Proceedings of the Probabilistic Safety Assessment and Management Conference 2022}
}


@inproceedings{Mell.2024,
 author = {Mell, Philipp and Dazer, Martin},
 title = {Estimating the Duration of Failure-Based Reliability Demonstration Tests},
 pages = {1--7},
 publisher = {IEEE},
 isbn = {979-8-3503-0769-6},
 booktitle = {2024 Annual Reliability and Maintainability Symposium (RAMS)},
 year = {2024},
 doi = {10.1109/RAMS51492.2024.10457820}
}


@article{Mell.2025,
 author = {Mell, Philipp and Dazer, Martin},
 year = {2025},
 title = {Analytic Evaluation of the Statistical Power of Accelerated Reliability Demonstration Tests},
 pages = {99892--99910},
 volume = {13},
 journal = {IEEE Access},
 doi = {10.1109/ACCESS.2025.3577366}
}


@book{Modarres.2017,
 author = {Modarres, Mohammad and Nuri-Amiri, Mehdi and Jackson, Christopher},
 year = {2017},
 title = {Probabilistic physics of failure approach to reliability: Modeling, accelerated testing, prognosis and reliability assessment},
 price = {cloth : circa EUR 155.00},
 address = {Beverly, MA and Hoboken, NJ},
 publisher = {{Scrivener Publishing} and {John Wiley {\&} Sons Inc}},
 isbn = {9781119388630},
 series = {Performability engineering series}
}


@book{Montgomery.2020,
 author = {Montgomery, Douglas C.},
 year = {2020},
 title = {Design and Analysis of Experiments},
 address = {Hoboken, NJ, USA},
 edition = {10th},
 publisher = {{John Wiley {\&} Sons, Inc}},
 isbn = {9781119722106}
}


@book{Montgomery.2020b,
 author = {Montgomery, Douglas C.},
 year = {2020},
 title = {Introduction to statistical quality control},
 address = {Hoboken, NJ},
 edition = {Eighth edition, EMEA edition},
 publisher = {Wiley},
 isbn = {9781119657118}
}


@book{Montgomery.2021,
 abstract = {{\textquotedbl}In statistics, linear regression is a linear approach to modelling the relationship between a scalar response and one or more explanatory variables. A linear regression model attempts to explain the relationship between two or more variables using a straight line.{\textquotedbl}--},
 author = {Montgomery, Douglas C. and Peck, Elizabeth A. and Vining, G. Geoffrey},
 year = {2021},
 title = {Introduction to linear regression analysis},
 address = {Hoboken, New Jersey},
 edition = {Sixth edition},
 publisher = {Wiley},
 isbn = {978-1-119-57872-7},
 series = {Wiley series in probability and statistics}
}


@book{Myers.2010,
 author = {Myers, Raymond H. and Montgomery, Douglas C. and Vining, G. G. and Robinson, T. J.},
 year = {2010},
 title = {Generalized Linear Models: with Applications in Engineering and the Sciences},
 address = {Hoboken, NJ},
 edition = {2nd},
 publisher = {{John Wiley {\&} Sons Inc}},
 isbn = {978-0-470-55697-9}
}


@book{Myers.2016,
 author = {Myers, Raymond H. and Montgomery, Douglas C. and Anderson-Cook, Christine M.},
 year = {2016},
 title = {Response Surface Methodology: Process and Product Optimization Using Designed Experiments},
 address = {Hoboken, NJ, USA},
 edition = {4},
 publisher = {{John Wiley {\&} Sons, Inc}},
 isbn = {978-1-118-91601-8}
}


@book{Nagel.2008b,
 author = {Nagel, Thomas},
 year = {2008},
 title = {Zahnriemengetriebe: Eigenschaften, Normung, Berechnung, Gestaltung},
 price = {Kt. : ca. EUR 49.90, ca. EUR 51.30 (AT)},
 address = {M{\"u}nchen and Wien},
 edition = {1. Aufl.},
 publisher = {Hanser},
 isbn = {978-3-446-41380-1}
}


@book{Pahl.2007,
 author = {Pahl, Gerhard and Beitz, Wolfgang and Feldhusen, J{\"o}rg and Grote, Karl-Heinrich},
 year = {2007},
 title = {Engineering design: A systematic approach},
 price = {Gb. : EUR 80.20},
 address = {London},
 edition = {3. ed.},
 publisher = {Springer},
 isbn = {978-1-84628-318-5},
 doi = {10.1007/978-1-84628-319-2}
}


@book{Perneder.2009,
 author = {Perneder, Raimund},
 year = {2009},
 title = {Handbuch Zahnriementechnik: Grundlagen, Berechnung, Anwendungen},
 price = {Gb. : ca. sfr 155.50 (freier Pr.), ca. EUR 99.95},
 address = {Berlin and Heidelberg},
 publisher = {Springer},
 isbn = {978-3-540-89321-9}
}


@article{Plackett.1946,
 author = {Plackett, R. L. and Burman, J. P.},
 year = {1946},
 title = {The Design of Optimum Multifactorial Experiments},
 pages = {305--325},
 volume = {33},
 journal = {Biometrica}
}


@book{Probst.1991,
 author = {Probst, Gilbert J. B. and Gomez, Peter},
 year = {1991},
 title = {Vernetztes Denken: Ganzheitliches F{\"u}hren in der Praxis},
 address = {Wiesbaden},
 edition = {2., erweiterte Auflage},
 publisher = {Gabler},
 isbn = {978-3-322-89073-3},
 doi = {10.1007/978-3-322-89072-6}
}


@article{Raheja.1990,
 author = {Raheja, Dev G.},
 year = {1990},
 title = {Accelerated Testing: Statistical Models, Test Plans, and Data Analysis, Wayne Nelson. Wiley, New York, 1989. Price: {\pounds}69.95},
 pages = {160},
 volume = {6},
 number = {2},
 issn = {0748-8017},
 journal = {Quality and Reliability Engineering International},
 doi = {10.1002/qre.4680060214}
}


@book{Rasch.2018,
 author = {Rasch, Dieter and Schott, Dieter},
 year = {2018},
 title = {Mathematical statistics},
 price = {Festeinband : EUR 79.95 (DE)},
 address = {Hoboken, NJ},
 publisher = {{John Wiley {\&} Sons Inc}},
 isbn = {9781119385288},
 institution = {{John Wiley and Sons}}
}


@book{Rencher.2008,
 author = {Rencher, Alvin C. and Schaalje, G. Bruce},
 year = {2008},
 title = {Linear models in statistics},
 url = {http://www.loc.gov/catdir/enhancements/fy0826/2007024268-b.html},
 address = {Hoboken, NJ},
 edition = {2. ed.},
 publisher = {Wiley-Interscience},
 isbn = {9780471754985}
}


@inproceedings{Rittmaier.2025,
 author = {Rittmaier, Erich and Arndt, Marco and Dazer, Martin},
 title = {Simulative Analysis of Statistical Power of Optimal Test Designs},
 pages = {1--7},
 publisher = {IEEE},
 isbn = {979-8-3503-6774-4},
 booktitle = {2025 Annual Reliability and Maintainability Symposium (RAMS)},
 year = {2025},
 doi = {10.1109/RAMS48127.2025.10935086}
}


@book{Siebertz.2017,
 author = {Siebertz, Karl and {van Bebber}, David and Hochkirchen, Thomas},
 year = {2017},
 title = {Statistische Versuchsplanung: Design of Experiments (DoE)},
 price = {Festeinband : EUR 109.99 (DE), EUR 82.23 (AT), CHF 82.50 (freier Preis)},
 address = {Berlin and Heidelberg},
 edition = {2. Auflage},
 publisher = {{Springer Vieweg}},
 isbn = {978-3-662-55742-6},
 series = {VDI-Buch}
}


@book{Spura.2023,
 abstract = {Dieses Standardwerk liefert einen umfassenden und verst{\"a}ndlichen {\"U}berblick {\"u}ber die Maschinenelemente. Aktuelle Normen und schnell nutzbare Auslegungs- und Berechnungsformeln unterst{\"u}tzen bei der Dimensionierung von Bauteilen in Studium und Praxis. Die aktuelle Auflage wurde unter anderem in den Bereichen Schraubenverbindungen und Festigkeitsnachweiskonzepte erg{\"a}nzt sowie normenaktualisiert. Erstmalig wird das Buch durch erkl{\"a}rende Videos erweitert, die auf dem Roloff/Matek-YouTube-Kanal abgerufen werden k{\"o}nnen.



Inhalt:



Konstruktionsgrundlagen.- Toleranzen und Passungen.- Festigkeitsberechnung.- Tribologie.- Kleb- und L{\"o}tverbindungen.- Schwei{\ss}verbindungen.- Nietverbindungen.- Schraubenverbindungen.- Bolzen- und Stiftverbindungen.- Elastische Federn.- Achsen, Wellen, Zapfen.- Wellen-Naben-Verbindungen.- Kupplungen.- Bremsen.- W{\"a}lz- und Gleitlager.- Riemen- und Kettengetriebe.- Rohrleitungen.- Dichtungen.- Zahnr{\"a}der und Zahnradgetriebe.- Au{\ss}enverzahnte Stirnr{\"a}der.- Kegelr{\"a}der.- Schraubrad- und Schneckengetriebe.- Umlaufgetriebe.},
 author = {Spura, Christian and Fleischer, Bernhard and Wittel, Herbert and Jannasch, Dieter and Roloff, Hermann and Matek, Wilhelm},
 year = {2023},
 title = {Roloff/Matek Maschinenelemente},
 url = {https://link.springer.com/978-3-658-40913-5},
 price = {EUR 39.99 (DE) f{\"u}r 2 Teile (Lehrbuch und Tabellenbuch)},
 address = {Wiesbaden},
 edition = {26. Auflage},
 publisher = {{Springer Vieweg}},
 isbn = {978-3-658-40913-5},
 institution = {{Springer Fachmedien Wiesbaden}}
}


@book{Tittmann.2019,
 author = {Tittmann, Peter},
 year = {2019},
 title = {Graphentheorie: Eine anwendungsorientierte Einf{\"u}hrung : mit 115 Bildern, zahlreichen Beispielen und 92 Aufgaben},
 price = {EUR 16.00 (DE), EUR 16.50 (AT)},
 address = {M{\"u}nchen},
 edition = {3., aktualisierte Auflage},
 publisher = {Hanser},
 isbn = {978-3-446-46052-2},
 series = {Mathematik-Studienhilfen},
 doi = {10.3139/9783446465039}
}


@book{Trueman.1977,
 author = {Trueman, Richard E.},
 year = {1977},
 title = {An introduction to quantitative methods for decision making},
 address = {New York},
 edition = {2. ed.},
 publisher = {{Holt Rinehart and Winston}},
 isbn = {003018391X},
 series = {Series in quantitative methods for decision making}
}


@misc{VDA.,
 title = {Zuverl{\"a}ssigkeitssicherung bei Automobilherstellern und Lieferanten. Zuverl{\"a}ssigkeits-Methoden und Hilfsmittel},
 author = {VDA}
}


@article{Wald.1943,
 author = {Wald, A.},
 year = {1943},
 title = {On the Efficient Design of Statistical Investigations},
 pages = {134--140},
 volume = {14},
 number = {2},
 journal = {The Annals of Mathematical Statistics}
}


@book{Wallace.2007,
 year = {2007},
 title = {Engineering design: A systematic approach},
 url = {http://site.ebrary.com/lib/librarytitles/docDetail.action?docID=10230457},
 address = {London},
 edition = {3. ed.},
 publisher = {Springer},
 isbn = {1846283183},
 editor = {Wallace, Ken and Pahl, Gerhard and Beitz, Wolfgang and Feldhusen, J{\"o}rg and Grote, Karl-Heinrich and Blessing, Lucienne T. M.}
}


@book{Wu.2021,
 abstract = {{\textquotedbl}This Third Edition covers design of experiments and integrates computer experiments with other design topics. The main changes in this Third Edition are two new chapters, one on computer experiments, the other on optimal design. Computer experiments have become very popular in experimental design because increasingly more and more experiments are conducted on a computer, such as running finite element simulations, instead of conducting physical experiments. This book starts each chapter with a real experiment. Then, the authors develop the needed tools in subsequent sections. Finally, the chapter ends with the application of these tools to the experiment. Each chapter includes exercises, and the authors have added new exercise problems with selected solutions to the Instructor's solutions manual. This is an ideal book for design of experiments courses at the upper-undergraduate and graduate levels. It is also a valuable resource for practicing engineers and statisticians. Design of experiments (DOE) is a systematic method to determine the relationship between factors affecting a process and the output of that process. In other words, it is used to find cause-and-effect relationships. This information is needed to manage process inputs in order to optimize the output{\textquotedbl}--},
 author = {Wu, Chien-Fu and Hamada, Michael},
 year = {2021},
 title = {Experiments: Planning, analysis and optimization},
 url = {https://zbmath.org/?q=an%3A1460.62003},
 address = {Hoboken, NJ, USA},
 edition = {Third edition},
 publisher = {Wiley},
 isbn = {9781119470106},
 series = {Wiley series in probability and statistics}
}


@article{Xu.2002,
 author = {Xu, H.},
 year = {2002},
 title = {An Algorithm for Constructing Orthogonal and Nearly-Orthogonal Arrays with Mixed Levels and Small Runs},
 pages = {356--368},
 volume = {44},
 number = {4},
 issn = {0040-1706},
 journal = {Technometrics}
}


@book{Yang.2007,
 author = {Yang, Guangbin},
 year = {2007},
 title = {Life cycle reliability engineering},
 url = {http://www.loc.gov/catdir/enhancements/fy0740/2006019150-b.html},
 price = {Gb. : EUR 124.38},
 address = {Hoboken, N.J.},
 publisher = {Wiley},
 isbn = {9780471715290}
}


@article{Zahran.2003,
 author = {Zahran, A. and Anderson-Cook, Christine M. and Myers, Raymond H.},
 year = {2003},
 title = {Fraction of Design Space to Assess Prediction Capability of Response Surface Designs},
 pages = {377--386},
 volume = {35},
 number = {4},
 issn = {0022-4065},
 journal = {Journal of Quality Technology}
}


